% -*- bibtex -*-

@inproceedings(Moreland01,
	author = "Kenneth Moreland and Brian Wylie and Constantine Pavlakos",
	title = "Sort-Last Parallel Rendering for Viewing Extremely Large Data Sets on Tile Displays",
	booktitle = "Proceedings of the IEEE 1001 Symposium on Parallel and Large-Data Visualization and Graphics",
	month = "October",
	year = "2001",
	pages = "85--92"
)

@book(Schroeder98,
	author = "Will Schroeder and Ken Martin and Bill Lorensen",
	title = "The Visualization Toolkit",
	edition = "2nd",
	publisher = "Prentice Hall",
	year = "1998",
	note = "ISBN 0-13-954694-4"
)

@article(Ahrens01,
	author = "James Ahrens and Kristi Brislawn and Ken Martin and Berk Geveci and C. Charles Law and Michael E. Papka",
	title = "Large-Scale Data Visualization Using Paralle Data Streaming",
	journal = "IEEE Computer Graphics and Applications",
	volume = "21",
	number = "4",
	month = "July/August",
	year = "2001",
	pages = "34--41"
)

@techreport(Ahrens00,
	author = "James Ahrens and Charles Law and Will Schroeder and Ken Martin and Michael Papka",
	title = "A Parallel Approach for Efficiently Visualizing Extremely Large, Time-Varying Datasets",
	institution = "Los Alamos National Laboratory",
	number = "LAUR-00-1620",
	year = "2000"
)

@inproceedings(Law01,
	author = "C. Charles Law and Amy Henderson and James Ahrens",
	title = "An Application Architecture for Large Data Visualization: A Case Study",
	booktitle = "Proceedings of the IEEE 2001 Symposium on Parallel and Large-Data Visualization and Graphics",
	month = "October",
	year = "2001",
	pages = "125--128"
)

@inproceedings(Heermann99,
	author = "Philip D. Heermann",
	title = "Production Visualization for the {ASCI} One {TeraFLOPS} Machine",
	booktitle = "Proceedings of Visualization '99",
	month = "October",
	year = "1999",
	pages = "459--462"
)

@techreport(Smith98,
	author = "Paul H. Smith and John van Rosendale",
	title = "Data and Visualization Corridors, Report on the 1998 {DVC} Workshop Series",
	number = "CACR-164",
	institution = "Center for Advanced Computing Research",
	month = "September",
	year = "1998"
)

@inproceedings(Humphreys02,
	author = "Greg Humphreys and Mike Houston and Ren Ng and Randall Frank and Sean Ahern and Peter D. Kirchner and James T. Klosowski",
	title = "Chromium: A Stream-Processing Framework for Interactive Rendering on Clusters",
	booktitle = "Proceedings of ACM SIGGRAPH 2002",
	series = "acm Transactions on Graphics",
	month = "July",
	year = "2002",
	pages = "693--702",
	volume = "21",
	number = "3"
)
